#BIBLIOGRAFIA

@article{cortes2007analisis,
  title={Del an{\'a}lisis de fourier a las wavelets an{\'a}lisis de fourier},
  author={Cort{\'e}s, Jimmmy Alexander and Medina, Francisco Alejandro and Chaves, Jos{\'e} Andr{\'e}s},
  journal={Scientia et technica},
  volume={1},
  number={34},
  year={2007}
}

@book{gonzalez2003fundamentos,
  title={Fundamentos del an{\'a}lisis de Fourier},
  author={Gonz{\'a}lez, Camilo Jos{\'e} Carrillo},
  year={2003},
  publisher={Departamento de Enxe{\~n}er{\'\i}a El{\'e}ctrica, Escola T{\'e}cnica Superior de Enxe{\~n}eiros~â€¦}
}
