\documentclass[11pt,a4paper]{article}
\usepackage{graphicx}
\usepackage{amsmath}
\usepackage{amssymb}
\usepackage{mathrsfs}
\usepackage{cancel}

#bibliografia

@book{viloria2014motores,
  title={Motores de corriente continua},
  author={Viloria, Jos{\'e} Rold{\'a}n},
  year={2014},
  publisher={Ediciones Paraninfo, SA}
}