#BIBLIOGRAFIA
@article{alcala2014analisis,
  title={An{\'a}lisis del Convertidor CA/CD/CA (Back to Back) para la Gesti{\'o}n del Flujo de Potencia},
  author={Alcal{\'a}, Janeth and Charre, Saida and Dur{\'a}n, Miguel and Gudi{\~n}o, Jorge},
  journal={Informaci{\'o}n tecnol{\'o}gica},
  volume={25},
  number={6},
  pages={109--116},
  year={2014},
  publisher={Centro de Informaci{\'o}n Tecnol{\'o}gica}
}

@book{arteaga2007control,
  title={Control no lineal de convertidores conmutados CC/CC: An{\'a}lisis de prestaciones y verificaci{\'o}n experimental},
  author={Arteaga Orozco, Maria Isabel},
  year={2007},
  publisher={Universitat Polit{\`e}cnica de Catalunya}
}

@phdthesis{sole1999control,
  title={Control en modo deslizante aplicado a la generaci{\'o}n de se{\~n}al en convertidores conmutados DC/DC},
  author={Sol{\'e}, Domingo Biel},
  year={1999},
  school={Universitat Polit{\`e}cnica de Catalunya (UPC)}
}
